<record><leader>00000cas a2200000 a 4500</leader><controlfield tag="001">14814299</controlfield><controlfield tag="008">861121d18751879miuwr ne      0    0eng c</controlfield><datafield ind1=" " ind2=" " tag="010"><subfield code="a">sn 86053908 </subfield></datafield><datafield ind1=" " ind2=" " tag="040"><subfield code="a">NPX</subfield><subfield code="b">eng</subfield><subfield code="c">NPX</subfield><subfield code="d">MHN</subfield><subfield code="d">OCL</subfield><subfield code="d">MHN</subfield><subfield code="d">OCL</subfield><subfield code="d">OCLCQ</subfield><subfield code="d">OCLCF</subfield><subfield code="d">OCLCO</subfield></datafield><datafield ind1="1" ind2=" " tag="029"><subfield code="a">AU@</subfield><subfield code="b">000020437552</subfield></datafield><datafield ind1=" " ind2=" " tag="042"><subfield code="a">pcc</subfield></datafield><datafield ind1=" " ind2=" " tag="043"><subfield code="a">n-us-mi</subfield></datafield><datafield ind1="0" ind2="0" tag="245"><subfield code="a">Truth for the people.</subfield></datafield><datafield ind1=" " ind2=" " tag="260"><subfield code="a">Detroit, Mich. :</subfield><subfield code="b">Mrs. M.J.E. Millar</subfield></datafield><datafield ind1=" " ind2=" " tag="300"><subfield code="a">v.</subfield></datafield><datafield ind1=" " ind2=" " tag="310"><subfield code="a">Weekly</subfield></datafield><datafield ind1="1" ind2=" " tag="362"><subfield code="a">Began with Jan. 1, 1875 issue; ceased in 1879.</subfield><subfield code="z">Cf. Farmer, S. Hist. of Detroit and Mich., 1884.</subfield></datafield><datafield ind1=" " ind2=" " tag="500"><subfield code="a">"Devoted to Temperance, Religion, Literature, and Home Interests" and "The organ of 200,000 Temperance Men and Women of Michigan." Cf. Its v. 4, no. 43.</subfield></datafield><datafield ind1=" " ind2=" " tag="515"><subfield code="a">Vol. 4, no. 43 (Oct. 18, 1878)- also called: New ser., [v. 1], no. 38-</subfield></datafield><datafield ind1=" " ind2=" " tag="580"><subfield code="a">Continued by: Michigan truth teller. Cf. Farmer, S. Hist. of Detroit and Mich., 1884.</subfield></datafield><datafield ind1=" " ind2=" " tag="588"><subfield code="a">Description based on: Vol. 2, no. 31 (Feb. 5, 1876).</subfield></datafield><datafield ind1=" " ind2="0" tag="650"><subfield code="a">Temperance</subfield><subfield code="z">Michigan</subfield><subfield code="v">Newspapers.</subfield></datafield><datafield ind1=" " ind2="0" tag="651"><subfield code="a">Detroit (Mich.)</subfield><subfield code="v">Newspapers.</subfield></datafield><datafield ind1=" " ind2="0" tag="651"><subfield code="a">Wayne County (Mich.)</subfield><subfield code="v">Newspapers.</subfield></datafield><datafield ind1=" " ind2="7" tag="655"><subfield code="a">Newspapers.</subfield><subfield code="2">fast</subfield><subfield code="0">(OCoLC)fst01423814</subfield></datafield><datafield ind1=" " ind2="7" tag="650"><subfield code="a">Temperance.</subfield><subfield code="2">fast</subfield><subfield code="0">(OCoLC)fst01147309</subfield></datafield><datafield ind1=" " ind2="7" tag="651"><subfield code="a">Michigan.</subfield><subfield code="2">fast</subfield><subfield code="0">(OCoLC)fst01208387</subfield></datafield><datafield ind1=" " ind2="7" tag="651"><subfield code="a">Michigan</subfield><subfield code="z">Detroit.</subfield><subfield code="2">fast</subfield><subfield code="0">(OCoLC)fst01205010</subfield></datafield><datafield ind1=" " ind2="7" tag="651"><subfield code="a">Michigan</subfield><subfield code="z">Wayne County.</subfield><subfield code="2">fast</subfield><subfield code="0">(OCoLC)fst01206628</subfield></datafield><datafield ind1=" " ind2=" " tag="752"><subfield code="a">United States</subfield><subfield code="b">Michigan</subfield><subfield code="c">Wayne</subfield><subfield code="d">Detroit.</subfield></datafield><datafield ind1="1" ind2="0" tag="785"><subfield code="t">Michigan truthteller</subfield><subfield code="w">(DLC)sn 98066063</subfield><subfield code="w">(OCoLC)38517046</subfield></datafield></record>